@article{Walker:2014,
	author 		= {Saint John Walker},
	title 		= {Big Data: A Revolution That Will Transform How We Live, Work, and Think},
	journal 	= {International Journal of Advertising},
	volume 		= {33},
	number 		= {1},
	pages 		= {181-183},
	year  		= {2014},
	publisher 	= {Routledge},
	doi 		= {10.2501/IJA-33-1-181-183},
	URL			= {http://dx.doi.org/10.2501/IJA-33-1-181-183},
	eprint 		= {http://dx.doi.org/10.2501/IJA-33-1-181-183}
}

@misc{Wellman:BigData,
	author 			= {David Wellman},
	title 			= {What is big data?},
	year 			= {2013},
	url 			= "{https://www.slideshare.net/dwellman/what-is-big-data-24401517}",
	howpublished 	= "Disponível em: \url{https://www.slideshare.net/dwellman/what-is-big-data-24401517}",
	note 			= "[Último acesso em 23 de Outubro de 2017]"
}

@article{Mykolas:2015a,
	author    	= {Baubonienė and Gulevičiūtė},
	title     	= {E-COMMERCE FACTORS INFLUENCING CONSUMERS ONLINE SHOPPING DECISION},
	year      	= {2015},
	doi       	= {10.13165/st-15-5-1-06},
	url 		= {https://dx.doi.org/10.13165/ST-15-5-1-06},
	eprint		= {https://www3.mruni.eu/ojs/social-technologies/article/view/4295/4067},
	publisher 	= {Mykolas Romeris University},
}

@article{ISINKAYE2015261,
	title 		= "Recommendation systems: Principles, methods and evaluation",
	journal 	= "Egyptian Informatics Journal",
	volume 		= "16",
	number 		= "3",
	pages 		= "261 - 273",
	year 		= "2015",
	issn 		= "1110-8665",
	doi 		= "10.1016/j.eij.2015.06.005",
	url 		= "http://www.sciencedirect.com/science/article/pii/S1110866515000341",
	author		= "F.O. Isinkaye and Y.O. Folajimi and B.A. Ojokoh",
	keywords 	= "Collaborative filtering, Content-based filtering, Hybrid filtering technique, Recommendation systems, Evaluation"
}

@article{Konstan2012,
	author 		= "Konstan, Joseph A. and Riedl, John",
	title		= "Recommender systems: from algorithms to user experience",
	journal		= "User Modeling and User-Adapted Interaction",
	year		= "2012",
	month		= "Apr",
	day			= "01",
	volume		= "22",
	number		= "1",
	pages		= "101--123",
	abstract 	= "Since their introduction in the early 1990's, automated recommender systems have revolutionized the marketing and delivery of commerce and content by providing personalized recommendations and predictions over a variety of large and complex product offerings. In this article, we review the key advances in collaborative filtering recommender systems, focusing on the evolution from research concentrated purely on algorithms to research concentrated on the rich set of questions around the user experience with the recommender. We show through examples that the embedding of the algorithm in the user experience dramatically affects the value to the user of the recommender. We argue that evaluating the user experience of a recommender requires a broader set of measures than have been commonly used, and suggest additional measures that have proven effective. Based on our analysis of the state of the field, we identify the most important open research problems, and outline key challenges slowing the advance of the state of the art, and in some cases limiting the relevance of research to real-world applications.",
	issn		= "1573-1391",
	doi			= "10.1007/s11257-011-9112-x",
	url			= "https://doi.org/10.1007/s11257-011-9112-x"
}

@inbook{Ricci2011,
	author 		= "Ricci, Francesco
	and Rokach, Lior
	and Shapira, Bracha",
	editor 		= "Ricci, Francesco
	and Rokach, Lior
	and Shapira, Bracha
	and Kantor, Paul B.",
	title 		= "Introduction to Recommender Systems Handbook",
	bookTitle 	= "Recommender Systems Handbook",
	year 		= "2011",
	publisher 	= "Springer US",
	address 	= "Boston, MA",
	pages 		= "1--35",
	abstract 	= "Recommender Systems (RSs) are software tools and techniques providing suggestions for items to be of use to a user. In this introductory chapter we briefly discuss basic RS ideas and concepts. Our main goal is to delineate, in a coherent and structured way, the chapters included in this handbook and to help the reader navigate the extremely rich and detailed content that the handbook offers.",
	isbn 		= "978-0-387-85820-3",
	doi			= "10.1007/978-0-387-85820-3_1",
	url			= "https://doi.org/10.1007/978-0-387-85820-3_1"
}

@misc{Activision:Glixel,
	author 			= {Crecente},
	url 			= {http://www.rollingstone.com/glixel/news/how-activision-uses-matchmaking-tricks-to-sell-in-game-items-w509288},
	title 			= {Activision Researched Using Matchmaking Tricks to Sell In-Game Items},
	month			= {October},
	editor			= {Rolling Stone - Glixel},
	year 			= {2017},
	howpublished 	= "Disponível em: \url{http://www.rollingstone.com/glixel/news/how-activision-uses-matchmaking-tricks-to-sell-in-game-items-w509288}",
	note 			= "[Último acesso em 24 de Outubro de 2017]"
}

@inbook{Aggarwal2016:Evaluation,
  title     = {Recommender Systems},
  publisher = {Springer International Publishing},
  pages 	= "139--166",
  year      = {2016},
  author    = {Charu C. Aggarwal},
  isbn		= {9783319296593},
  doi       = {10.1007/978-3-319-29659-3}
}

@inbook{Aggarwal2016,
  title     = {Recommender Systems},
  publisher = {Springer International Publishing},
  pages 	= "225--255",
  year      = {2016},
  author    = {Charu C. Aggarwal},
  isbn		= {9783319296593},
  doi       = {10.1007/978-3-319-29659-3}
}

@misc{Sebrae:2016,
	title 			= {Conheça o panorama do e-commerce no Brasil},
	url 			= {https://www.sebrae.com.br/sites/PortalSebrae/artigos/conheca-o-panorama-do-e-commerce-no-brasil,66d975e0dc256510VgnVCM1000004c00210aRCRD},
	publisher 		= {Sebrae Nacional},
	year 			= {2016},
	howpublished 	= "Disponível em: \url{https://www.sebrae.com.br/sites/PortalSebrae/artigos/conheca-o-panorama-do-e-commerce-no-brasil,66d975e0dc256510VgnVCM1000004c00210aRCRD}",
	note 			= "[Último acesso em 24 de Outubro de 2017]"
}

@misc{Statista:2017,
	title 			= {Number of monthly active Facebook users worldwide as of 2nd quarter 2017 (in millions)},
	url 			= {https://www.statista.com/statistics/264810/number-of-monthly-active-facebook-users-worldwide/},
	publisher 		= {Statista},
	year 			= {2017},
	howpublished 	= "Disponível em: \url{https://www.statista.com/statistics/264810/number-of-monthly-active-facebook-users-worldwide/}",
	note 			= "[Último acesso em 24 de Outubro de 2017]"
}

@book{Pariser:2011,
	title = {The Filter Bubble: What the Internet is Hiding from You},
	publiser = {Penguin Books},
	year = {2011},
	autho = {Eri Pariser},
	isbn = {978-0241954522}
}

@article{Resnick:1997:RS:245108.245121,
	author = {Resnick, Paul and Varian, Hal R.},
	title = {Recommender Systems},
	journal = {Commun. ACM},
	issue_date = {March 1997},
	volume = {40},
	number = {3},
	month = {mar},
	year = {1997},
	issn = {0001-0782},
	pages = {56--58},
	numpages = {3},
	url = {http://doi.acm.org/10.1145/245108.245121},
	doi = {10.1145/245108.245121},
	acmid = {245121},
	publisher = {ACM},
	address = {New York, NY, USA},
}

@article{Goldberg:1992:UCF:138859.138867,
	author 		= {Goldberg, David and Nichols, David and Oki, Brian M. and Terry, Douglas},
	title 		= {Using Collaborative Filtering to Weave an Information Tapestry},
	journal 	= {Commun. ACM},
	issue_date 	= {Dec. 1992},
	volume 		= {35},
	number 		= {12},
	month 		= {dec},
	year 		= {1992},
	issn 		= {0001-0782},
	pages 		= {61--70},
	numpages 	= {10},
	url 		= {http://doi.acm.org/10.1145/138859.138867},
	doi 		= {10.1145/138859.138867},
	acmid 		= {138867},
	publisher 	= {ACM},
	address 	= {New York, NY, USA},
	keywords 	= {information filtering, tapestry},
}

@InCollection{Aggarwal:Intro:2016,
  author    = {Charu C. Aggarwal},
  title     = {An Introduction to Recommender Systems},
  booktitle = {Recommender Systems},
  publisher = {Springer International Publishing},
  year      = {2016},
  pages     = {1--28},
  doi       = {10.1007/978-3-319-29659-3_1},
}

@article{Burke:2002:HRS:586321.586352,
	author = {Burke, Robin},
	title = {Hybrid Recommender Systems: Survey and Experiments},
	journal = {User Modeling and User-Adapted Interaction},
	issue_date = {November 2002},
	volume = {12},
	number = {4},
	month = nov,
	year = {2002},
	issn = {0924-1868},
	pages = {331--370},
	numpages = {40},
	url = {http://dx.doi.org/10.1023/A:1021240730564},
	doi = {10.1023/A:1021240730564},
	acmid = {586352},
	publisher = {Kluwer Academic Publishers},
	address = {Hingham, MA, USA},
	keywords = {case-based reasoning, collaborative filtering, recommender systems},
}

@article{Herlocker:2004:ECF:963770.963772,
	author = {Herlocker, Jonathan L. and Konstan, Joseph A. and Terveen, Loren G. and Riedl, John T.},
	title = {Evaluating Collaborative Filtering Recommender Systems},
	journal = {ACM Trans. Inf. Syst.},
	issue_date = {January 2004},
	volume = {22},
	number = {1},
	month = jan,
	year = {2004},
	issn = {1046-8188},
	pages = {5--53},
	numpages = {49},
	url = {http://doi.acm.org/10.1145/963770.963772},
	doi = {10.1145/963770.963772},
	acmid = {963772},
	publisher = {ACM},
	address = {New York, NY, USA},
	keywords = {Collaborative filtering, evaluation, metrics, recommender systems},
}

@article{HCI-009,
	url = {http://dx.doi.org/10.1561/1100000009},
	year = {2011},
	volume = {4},
	journal = {Foundations and Trends® in Human–Computer Interaction},
	title = {Collaborative Filtering Recommender Systems},
	doi = {10.1561/1100000009},
	issn = {1551-3955},
	number = {2},
	pages = {81-173},
	author = {Michael D. Ekstrand and John T. Riedl and Joseph A. Konstan}
}

@book{keating2012netflixed,
  title={Netflixed: The Epic Battle for America's Eyeballs},
  author={Keating, G.},
  isbn={9781591844785},
  lccn={2012027444},
  url={https://books.google.com.br/books?id=RvCAtgAACAAJ},
  year={2012},
  publisher={Portfolio/Penguin}
}

@inproceedings{bennett2007netflix,
  title={The netflix prize},
  author={Bennett, James and Lanning, Stan and others},
  booktitle={Proceedings of KDD cup and workshop},
  volume={2007},
  pages={35},
  year={2007},
  organization={New York, NY, USA}
}

@misc{VarietyNetflix:2017,
	title 			= {Netflix Officially Kills Star Ratings, Replacing Them With Thumbs Up and Down},
	url 			= {http://variety.com/2017/digital/news/netflix-kills-star-ratings-thumbs-up-thumbs-down-1202023257/},
	publisher 		= {Variety},
	year 			= {2017},
	howpublished 	= "Disponível em: \url{http://variety.com/2017/digital/news/netflix-kills-star-ratings-thumbs-up-thumbs-down-1202023257/}",
	note 			= "[Último acesso em 30 de Novembro de 2017]"
}

@TechReport{SkoobUFPE:2010,
  author      = {VIANA NETO, J. Q.},
  title       = {Skoob: ambiente virtual de socialização entre leitores e produtores de textos.},
  institution = {Universidade Federal de Pernambuco},
  year        = {2010},
  type        = {resreport}
}

@misc{SkoobSocializando:2009,
	title 			= {Skoob: Socializando o ato da leitura},
	url 			= {http://www.conexaoprofessor.rj.gov.br/temas-especiais-26e.asp},
	publisher 		= {Portal do Governo do Rio de Janeiro},
	year 			= {2009},
	howpublished 	= "Disponível em: \url{https://archive.is/TwnCc}",
	note 			= "[Último acesso em 30 de Novembro de 2017]"
}

@misc{SkoobQuemSomos:2017,
	title 			= {Skoob: Quem Somos},
	year 			= {2017},
	url 			= {https://www.skoob.com.br/inicio/quem_somos},
	publisher 		= {Skoob},
	howpublished 	= "Disponível em: \url{https://www.skoob.com.br/inicio/quem_somos}",
	note 			= "[Último acesso em 30 de Novembro de 2017]"
}

@article{bernerslee2001semantic,
  abstract = {A new form of Web content that is meaningful to computers will unleash a revolution of new possibilities.},
  added-at = {2016-09-07T01:44:07.000+0200},
  author = {Berners-Lee, Tim and Hendler, James and Lassila, Ora},
  biburl = {https://www.bibsonomy.org/bibtex/2222934145a71a9d6cfbbb375d4d62c1d/nosebrain},
  journal = {Scientific American},
  lastdatemodified = {2007-04-27},
  lastname = {Berners-Lee},
  month = may,
  number = 5,
  own = {notown},
  pages = {34-43},
  read = {notread},
  timestamp = {2016-09-07T01:44:07.000+0200},
  title = {The Semantic Web},
  url = {http://www.sciam.com/article.cfm?articleID=00048144-10D2-1C70-84A9809EC588EF21},
  volume = 284,
  year = 2001
}

@misc{SemanticWebW3C,
	title 			= {W3C Semantic Web Activity},
	year 			= {2001},
	author			= {W3C},
	url 			= {https://www.w3.org/2001/sw/},
	publisher 		= {World Wide Web Consortium, W3C},
	howpublished 	= "Disponível em: \url{https://www.w3.org/2001/sw/}",
	note 			= "[Último acesso em 02 de Novembro de 2017]"
}

@misc{W3CRDF,
	title 			= {RDF},
	year 			= {2014},
	author			= {W3C},
	url 			= {https://www.w3.org/RDF/},
	publisher 		= {World Wide Web Consortium, W3C},
	howpublished 	= "Disponível em: \url{https://www.w3.org/RDF/}",
	note 			= "[Último acesso em 02 de Novembro de 2017]"
}

@misc{RDFWikiImage,
	title 			= {Semantic Web},
	year 			= {2017},
	url 			= {https://en.wikipedia.org/wiki/Semantic_Web},
	howpublished 	= "Disponível em: \url{https://en.wikipedia.org/wiki/Semantic_Web}",
	note 			= "[Último acesso em 02 de Novembro de 2017]"
}

@misc{WebSemanticaDevmedia,
	title 			= {Web Semântica: O Futuro das Aplicações - Java Magazine 85},
	year 			= {2009},
	url 			= {https://www.devmedia.com.br/web-semantica-o-futuro-das-aplicacoes-java-magazine-85/18493},
	publisher 		= {Devmedia},
	howpublished 	= "Disponível em: \url{https://www.devmedia.com.br/web-semantica-o-futuro-das-aplicacoes-java-magazine-85/18493#}",
	note 			= "[Último acesso em 02 de Novembro de 2017]"
}

@misc{SparqlW3C,
	title 			= {SPARQL Query Language for RDF},
	year 			= {2013},
	author			= {W3C},
	url 			= {https://www.w3.org/TR/rdf-sparql-query/},
	publisher 		= {World Wide Web Consortium, W3C},
	howpublished 	= "Disponível em: \url{https://www.w3.org/TR/rdf-sparql-query/}",
	note 			= "[Último acesso em 02 de Novembro de 2017]"
}

@misc{OWLW3C,
	title 			= {OWL Web Ontology Language Guide},
	year 			= {2009},
	url 			= {https://www.w3.org/TR/owl-guide/},
	author			= {W3C},
	publisher 		= {World Wide Web Consortium, W3C},
	howpublished 	= "Disponível em: \url{https://www.w3.org/TR/owl-guide/}",
	note 			= "[Último acesso em 02 de Novembro de 2017]"
}

@inproceedings{Patil:1992:DKS:3087223.3087302,
	author 		= {Patil, Ramesh S. and Fikes, Richard and Patel-Schneider, Peter F. and McKay, Donald P. and Finin, Timothy W. and Gruber, Thomas R. and Neches, Robert},
	title 		= {The DARPA Knowledge Sharing Effort: A Progress Report},
	booktitle 	= {Proceedings of the Third International Conference on Principles of Knowledge Representation and Reasoning},
	series 		= {KR'92},
	year 		= {1992},
	isbn 		= {1-55860-262-3},
	location 	= {Cambridge, MA},
	pages 		= {777--788},
	numpages 	= {12},
	url 		= {http://dl.acm.org/citation.cfm?id=3087223.3087302},
	acmid 		= {3087302},
	publisher 	= {Morgan Kaufmann Publishers Inc.},
	address 	= {San Francisco, CA, USA}
}

@TechReport{OWLReport:2005,
	author      = {Júnio César de Lima, Cedric L. de Carvalho},
	title       = {Ontologias - OWL (Web Ontology Language)},
	institution = {Instituto de Informática Universidade Federal de Goiás},
	year        = {2005},
	type        = {techreport},
	month       = jun
}

@misc{SemanticWebStack,
	title 			= {Semantic Web Architecture},
	year 			= {2008},
	url 			= {https://www.w3.org/2000/Talks/1206-xml2k-tbl/slide10-0.html},
	author			= {Tim Berners-Lee},
	publisher 		= {World Wide Web Consortium, W3C},
	howpublished 	= "Disponível em: \url{https://www.w3.org/2000/Talks/1206-xml2k-tbl/slide10-0.html}",
	note 			= "[Último acesso em 03 de Novembro de 2017]"
}

@Article{Bizer2009,
  author    = {Christian Bizer and Tom Heath and Tim Berners-Lee},
  title     = {Linked Data - The Story So Far},
  journal   = {International Journal on Semantic Web and Information Systems},
  year      = {2009},
  volume    = {5},
  number    = {3},
  pages     = {1--22},
  doi       = {10.4018/jswis.2009081901},
  publisher = {{IGI} Global}
}

@misc{LinkedData:2006,
	title 			= {Linked Data},
	year 			= {2006},
	url 			= {https://www.w3.org/DesignIssues/LinkedData.html},
	author			= {Tim Berners-Lee},
	publisher 		= {World Wide Web Consortium, W3C},
	howpublished 	= "Disponível em: \url{https://www.w3.org/DesignIssues/LinkedData.html}",
	note 			= "[Último acesso em 03 de Novembro de 2017]"
}

@misc{LinkedDataW3C,
	title 			= {Linked Data},
	year 			= {2006},
	url 			= {https://www.w3.org/standards/semanticweb/data},
	author			= {W3C},
	publisher 		= {World Wide Web Consortium, W3C},
	howpublished 	= "Disponível em: \url{https://www.w3.org/standards/semanticweb/data}",
	note 			= "[Último acesso em 03 de Novembro de 2017]"
}

@misc{LODW3C,
	title 			= {Linking Open Data},
	year 			= {2007},
	url 			= {https://www.w3.org/wiki/SweoIG/TaskForces/CommunityProjects/LinkingOpenData},
	author			= {W3C},
	publisher 		= {World Wide Web Consortium, W3C},
	howpublished 	= "Disponível em: \url{https://www.w3.org/wiki/SweoIG/TaskForces/CommunityProjects/LinkingOpenData}",
	note 			= "[Último acesso em 03 de Novembro de 2017]"
}

@misc{LODGraph,
	title 			= {The Linking Open Data cloud diagram},
	year 			= {2017},
	url 			= {http://lod-cloud.net/},
	author			= {Andrejs Abele, John McCrae},
	publisher 		= {Insight Centre for Data Analytics},
	howpublished 	= "Disponível em: \url{http://lod-cloud.net/}",
	note 			= "[Último acesso em 03 de Novembro de 2017]"
}

@inproceedings{Auer:2007:DNW:1785162.1785216,
	author 		= {Auer, S\"{o}ren and Bizer, Christian and Kobilarov, Georgi and Lehmann, Jens and Cyganiak, Richard and Ives, Zachary},
	title 		= {DBpedia: A Nucleus for a Web of Open Data},
	booktitle 	= {Proceedings of the 6th International The Semantic Web and 2Nd Asian Conference on Asian Semantic Web Conference},
	series 		= {ISWC'07/ASWC'07},
	year 		= {2007},
	isbn 		= {3-540-76297-3, 978-3-540-76297-3},
	location 	= {Busan, Korea},
	pages 		= {722--735},
	numpages 	= {14},
	url 		= {http://dl.acm.org/citation.cfm?id=1785162.1785216},
	acmid 		= {1785216},
	publisher 	= {Springer-Verlag},
	address 	= {Berlin, Heidelberg}
}

@misc{DBPediaVirtuoso,
	title 			= {Learn About DBPedia},
	year 			= {2017},
	url 			= {http://wiki.dbpedia.org/about},
	author			= {DBPedia},
	publisher 		= {DBPedia},
	howpublished 	= "Disponível em: \url{http://wiki.dbpedia.org/about}",
	note 			= "[Último acesso em 03 de Novembro de 2017]"
}

@misc{DBPedia:2014,
	title 			= {DBpedia 2014 Data Set Statistics},
	year 			= {2014},
	url 			= {http://wiki.dbpedia.org/services-resources/datasets/dataset-statistics},
	author			= {DBPedia},
	publisher 		= {DBPedia},
	howpublished 	= "Disponível em: \url{http://wiki.dbpedia.org/services-resources/datasets/dataset-statistics}",
	note 			= "[Último acesso em 03 de Novembro de 2017]"
}

@misc{GoogleKnowledge,
	title 			= {Introducing the Knowledge Graph: things, not strings},
	year 			= {2012},
	url 			= {https://googleblog.blogspot.com.br/2012/05/introducing-knowledge-graph-things-not.html},
	author			= {Amit Singhal},
	publisher 		= {Google},
	howpublished 	= "Disponível em: \url{https://googleblog.blogspot.com.br/2012/05/introducing-knowledge-graph-things-not.html}",
	note 			= "[Último acesso em 03 de Novembro de 2017]"
}

@Article{Slimani2013,
	author    = {Thabet Slimani},
	title     = {Description and Evaluation of Semantic Similarity Measures Approaches},
	journal   = {International Journal of Computer Applications},
	year      = {2013},
	volume    = {80},
	number    = {10},
	pages     = {25--33},
	month     = {oct},
	doi       = {10.5120/13897-1851},
	publisher = {Foundation of Computer Science},
}

@article{Singhal2001,
    author      = {Singhal, Amit},
    year        = {2001},
    month       = {01},
    pages       = {35-43},
    title       = {Modern Information Retrieval: A Brief Overview},
    volume      = {24},
    booktitle   = {IEEE Data Eng. Bull.}
}

@Inbook{Gracia2008,
    author      = {Gracia, Jorge and Mena, Eduardo},
    editor      = {Bailey, James and Maier, David and Schewe, Klaus-Dieter and Thalheim, Bernhard and Wang, Xiaoyang Sean},
    title       = {Web-Based Measure of Semantic Relatedness},
    bookTitle   = {Web Information Systems Engineering - WISE 2008: 9th International Conference, Auckland, New Zealand, September 1-3, 2008. Proceedings},
    year        = {2008},
    publisher   = {Springer Berlin Heidelberg},
    address     = {Berlin, Heidelberg},
    pages       = {136--150},
    isbn        = {978-3-540-85481-4},
    doi         = {10.1007/978-3-540-85481-4_12},
    url         = {https://doi.org/10.1007/978-3-540-85481-4_12}
}

@inproceedings{Rada:1989,
	added-at 	= {2006-07-04T16:33:03.000+0200},
	author 		= {Rada, R. and Mili, H. and Bicknell, E. and Blettner, M.},
	biburl 		= {https://www.bibsonomy.org/bibtex/2d61e3f5147b08d820c19ff9f49b7e487/schmitz},
	booktitle 	= {IEEE Transactions on Systems, Man and Cybernetics},
	interhash 	= {bbc22dbd9480173466ca912a4354015c},
	intrahash 	= {d61e3f5147b08d820c19ff9f49b7e487},
	keywords 	= {distance measure ontology similarity},
	pages 		= {17-30},
	timestamp 	= {2007-03-22T17:00:10.000+0100},
	title 		= {Development and application of a metric on semantic nets},
	year 		= 1989
}

@inproceedings{Wu:1994,
	author 		= {Wu, Zhibiao and Palmer, Martha},
	title 		= {Verbs Semantics and Lexical Selection},
	booktitle 	= {Proceedings of the 32Nd Annual Meeting on Association for Computational Linguistics},
	series 		= {ACL '94},
	year 		= {1994},
	location 	= {Las Cruces, New Mexico},
	pages 		= {133--138},
	numpages 	= {6},
	url 		= {https://doi.org/10.3115/981732.981751},
	doi 		= {10.3115/981732.981751},
	acmid 		= {981751},
	publisher 	= {Association for Computational Linguistics},
	address 	= {Stroudsburg, PA, USA},
}

@article{Resnik:1999,
	author 		= {Resnik, Philip},
	title 		= {Semantic Similarity in a Taxonomy: An Information-based Measure and Its Application to Problems of Ambiguity in Natural Language},
	journal 	= {J. Artif. Int. Res.},
	issue_date 	= {July 1999},
	volume 		= {11},
	number 		= {1},
	month 		= jul,
	year 		= {1999},
	issn 		= {1076-9757},
	pages 		= {95--130},
	numpages 	= {36},
	url 		= {http://dl.acm.org/citation.cfm?id=3013545.3013547},
	acmid 		= {3013547},
	publisher 	= {AI Access Foundation},
	address 	= {USA},
}

@inproceedings{Lin1993PrincipleBasedPW,
	title		= {Principle-Based Parsing without Overgeneration},
	author		= {Dekang Lin},
	booktitle 	= {ACL},
	year 		= {1993}
}

@article{Tversky:1977,
	author 		= {Tversky, Amos},
	year 		= {1977},
	month 		= {07},
	pages 		= {327-352},
	title 		= {Features of Similarity},
	volume 		= {84},
	booktitle 	= {Psychology review}
}

@misc{SuckerPunch2011,
	title 		= {Sucker Punch},
	author 		= {Snyder, Deborah. and Snyder, Zack},
	year 			= {2011},
	publisher 	= {United States: Warner Bros. Pictures}
}

@misc{LaberintoFauno2006,
	title 		= {El laberinto del fauno},
	author 		= {Guillermo del Toro and Bertha Navarro and Alfonso Cuarón and Frida Torresblanco and Alvaro Augustin},
	year 			= {2006},
	publisher 	= {Spain: Warner Bros. Pictures}
}

@book{Sommerville2010,
	author 		= {Sommerville, Ian},
	title 		= {Software Engineering},
	year 		= {2010},
	isbn 		= {0137035152, 9780137035151},
	edition 	= {9th},
	publisher 	= {Addison-Wesley Publishing Company},
	address 	= {USA}
}

@proceedings{NR68,
	address 	= {Garmisch, Germany},
	biburl 		= {https://www.bibsonomy.org/bibtex/2bb37370bdd8f7afe6a3053ca72514012/cedricmesnage},
	editor 		= {Naur, Peter and Randell, Brian},
	timestamp 	= {2007-12-14T13:06:34.000+0100},
	title 		= {Proceedings, NATO Conference on Software Engineering},
	year 		= 1968
}

@book{Pressman2009,
	author 		= {Pressman, Roger},
	title 		= {Software Engineering: A Practitioner's Approach},
	year 		= {2010},
	isbn 		= {0073375977, 9780073375977},
	edition 	= {7},
	publisher 	= {McGraw-Hill, Inc.},
	address 	= {New York, NY, USA}
}

@article{Perry1992,
	author 		= {Perry, Dewayne E. and Wolf, Alexander L.},
	title 		= {Foundations for the Study of Software Architecture},
	journal 	= {SIGSOFT Softw. Eng. Notes},
	issue_date 	= {Oct. 1992},
	volume 		= {17},
	number 		= {4},
	month 		= oct,
	year 		= {1992},
	issn 		= {0163-5948},
	pages 		= {40--52},
	numpages 	= {13},
	url 		= {http://doi.acm.org/10.1145/141874.141884},
	doi 		= {10.1145/141874.141884},
	acmid 		= {141884},
	publisher 	= {ACM},
	address 	= {New York, NY, USA}
}

@book{Lewis2000,
	author 		= {Lewis, John and Loftus, William},
	title 		= {Java Software Solutions: Foundations of Program Design},
	year 		= {2000},
	isbn 		= {0201725975},
	edition 	= {2nd},
	publisher 	= {Addison-Wesley Longman Publishing Co., Inc.},
	address 	= {Boston, MA, USA}
}

@misc{DependencyInjection2006,
	title 			= {Dependency Injection Demystified},
	year 			= {2006},
	url 			= {http://www.jamesshore.com/Blog/Dependency-Injection-Demystified.html},
	author			= {Titanium I.T. LLC},
	howpublished 	= "Disponível em: \url{http://www.jamesshore.com/Blog/Dependency-Injection-Demystified.html}",
	note 			= "[Último acesso em 21 de Fevereiro de 2018]"
}

@book{Raggett1998,
	author = {Raggett, Dave and Lam, Jenny and Alexander, Ian and Kmiec, Michael},
	title = {Raggett on HTML 4 (2Nd Ed.)},
	year = {1998},
	isbn = {0-201-17805-2},
	publisher = {Addison-Wesley Longman Publishing Co., Inc.},
	address = {Boston, MA, USA}
}

@book{MySQLSGBD,
	Author 			= {Fabíola Ventavoli},
	Title 			= {Sistema Gerenciador de Banco de Dados MySQL: Guia Prático (Portuguese Edition)},
	Publisher 		= {},
	Year 			= {2014},
	ISBN 			= {978-85-913223-8-1}
}

@book{MySQLDevelopers,
	Author 		= {Paul DuBois},
	Title 		= {MySQL (Developer's Library)},
	Publisher 	= {Addison-Wesley Professional},
	Year 		= {2013},
	ISBN 		= {978-0321833877}
}

@misc{NLP2016,
	title 			= {Natural Language Processing (NLP)},
	year 			= {2016},
	url 			= {https://www.slideshare.net/YuriyGuts/natural-language-processing-nlp},
	author			= {Yuriy Guts},
	howpublished 	= "Disponível em: \url{https://www.slideshare.net/YuriyGuts/natural-language-processing-nlp}",
	note 			= "[Último acesso em 21 de Fevereiro de 2018]"
}

@book{McCandless2010,
	author 		= {McCandless, Michael and Hatcher, Erik and Gospodnetic, Otis},
	title 		= {Lucene in Action, Second Edition: Covers Apache Lucene 3.0},
	year 		= {2010},
	isbn 		= {1933988177, 9781933988177},
	publisher 	= {Manning Publications Co.},
	address 	= {Greenwich, CT, USA}
}

@InProceedings{PiaoResim,
    author={Piao, Guangyuan and Ara, Safina showkat and Breslin, John G.},
    editor={Qi, Guilin and Kozaki, Kouji and Pan, Jeff Z. and Yu, Siwei},
    title={Computing the Semantic Similarity of Resources in DBpedia for Recommendation Purposes},
    booktitle={Semantic Technology},
    year={2016},
    publisher={Springer International Publishing},
    address={Cham},
    pages={185--200},
    isbn={978-3-319-31676-5}
}

@unknown{PassantLDSD,
	author = {Passant, Alexandre},
	year = {2010},
	month = {01},
	pages = {},
	title = {Measuring Semantic Distance on Linking Data and Using it for Resources Recommendations.},
	volume = {77}
}

@inbook{rajaraman_ullman_2011,
	place={Cambridge},
	title={Data Mining},
	booktitle={Mining of Massive Datasets},
	publisher={Cambridge University Press},
	author={Rajaraman, Anand and Ullman, Jeffrey David},
	year={2011},
	pages={1–17}
}

@article{Powers_2008,
	author = {Powers, David},
	year = {2008},
	month = {01},
	pages = {},
	title = {Evaluation: From Precision, Recall and F-Factor to ROC, Informedness, Markedness \& Correlation},
	volume = {2},
	journal = {Mach. Learn. Technol.}
}

@book{Manning:2008,
	author = {Manning, Christopher D. and Raghavan, Prabhakar and Sch\"{u}tze, Hinrich},
	title = {Introduction to Information Retrieval},
	year = {2008},
	isbn = {0521865719, 9780521865715},
	publisher = {Cambridge University Press},
	address = {New York, NY, USA},
}

@inproceedings{Herlocker:1999,
	author = {Herlocker, Jonathan L. and Konstan, Joseph A. and Borchers, Al and Riedl, John},
	title = {An Algorithmic Framework for Performing Collaborative Filtering},
	booktitle = {Proceedings of the 22Nd Annual International ACM SIGIR Conference on Research and Development in Information Retrieval},
	series = {SIGIR \'99},
	year = {1999},
	isbn = {1-58113-096-1},
	location = {Berkeley, California, USA},
	pages = {230--237},
	numpages = {8},
	url = {http://doi.acm.org/10.1145/312624.312682},
	doi = {10.1145/312624.312682},
	acmid = {312682},
	publisher = {ACM},
	address = {New York, NY, USA}
}

@book{Jannach:2010,
	author = {Jannach, Dietmar and Zanker, Markus and Felfernig, Alexander and Friedrich, Gerhard},
	title = {Recommender Systems: An Introduction},
	year = {2010},
	isbn = {0521493366, 9780521493369},
	edition = {1st},
	publisher = {Cambridge University Press},
	address = {New York, NY, USA},
}
